




%1
@article{faradayMHD,
	author	=	"M. Faraday",
	title	=	"Experimental Researches in Electricity",
	journal =   "Trans. R. Soc. Lond. ",
	volume  =	122,
	pages   =   "163-194",
	year	=	1832}
	
@article{unsteadyCouette,
	author	=	"G. S. Seth, M. S. Ansari, R. Nandkeolyar",
	title	=	"Unsteady Hydromagnetic Couette Flow within a porous Channel",
	journal =   "Tamkang Journal of Science and Engineering ",
	volume  =	14,
	number = 1,
	pages   =   "7-14",
	year	=	2011}
	
@book{MHDhistory,
	author	  =	"S. Molokov, R. Moreau, H.K. Moffatt",
         title	 =	"Magnetohydrodynamics Historical Evolution and Trends",
	publisher = "Springer",
	year	  =	2007,
	}
	
@article{chemProcessEncy,
	author	=	"J. McKetta",
	journal =   "Encyclopedia of Chemical Processing and Design",
	volume  =	66,
	year	=	1999}

@article{electroMagneticHydrodynamicWaves,
	author	=	"A. Hannes",
	title	 =	 "On the Existance of Electromagnetic-Hydrodynamic Waves",
	journal =   "Arkiv för matematik, astronomi och fysik  XXIXb",
	volume  =	7,
	year	=	1943} 
	
@article{cosmointhePlasmaUniverse,
	author	=	"A. Hannes",
	title	 =	 "Cosmology in the plasma universe",
	journal =   "Laser and Particle Beams",
	pages = "389-398",
	volume  =	6,
	year	=	1988} 
	
@misc{nobelPrize,
  author = {The Nobel Foundation},
  title = {{nobelPrizes}},
  howpublished = "\url{http://www.nobelprize.org/nobel_prizes/physics/laureates/1970/}",
  year = {1970}, 
  note = "[Online; accessed 2015]"
}
@article{effectOfSlipEntGen,
	author	=	"A. Arikoglu and I. Ozkol and G. Komurgoz",
	title	 =	 "Effect of slip on entropy generation in a single rotating disk in MHD flow",
	journal =   "Applied Energy",
	pages = "1225-1236",
	volume  =	85,
	year	=	2008} 	
	
@article{forcesinElectrConductor,
	author	=	"E.F. Northrup",
	title	 =	 "Some newly observed manifestations of forces in the interior of an electrical conductor",
	journal =   "Phys Rev",
	volume  =	24,
	number = 6,
	pages   =   "474",
	year	=	1907},

%10	
@book{MHDhandBook,
	author	  =	"M.S. Tillack, N.B. Morley",
         title	 =	"Magnetohydrodynamics Standart handbook for electrical engineer.",
	publisher = "McGraw  Hill",
	year	  =	1998
	}
	
@article{fMHDnaturalConvEntGen,
	author	=	"A.M. Mahmoudi, I. Pop, M. Shahi",
	title	 =	 "MHD natural convection and entropy generation in a trapezoidal enclosure using Cu-water nanofluid",
	journal =   "Computers and Fluids",
	volume  =	72,
	pages   =   "46-62",
	year	=	2013}	
	
@article{fluidMicropumps,
	author	=	"C. Ahn, M. Allen",
	title	 =	 "Fluid micropumps based on rotary magnetic actuators",
	journal =   "Proc. MEMS",
	volume  =	408,
	number = 95,
	pages   =   "12",
	year	=	1995}	

@article{AhnMagneticMixer,
	author	=	"G. Mensing, T. Pearce, D.J Bebe",
	title	 =	 "An in-plane active magnetic mixer for microfluidic applications",
	journal =   "IEEE – EMBSMMMB Conference",
	number = 95,
	pages   =   "531-534",
	year	=	2002}	

@article{GadMicrodevices,
	author	=	"M. Gad-el-Hak",
	title	 =	 "The fluid mechanics of microdevices",
	journal =   "J Fluid Eng ASME the Freeman Scholar Lecture",
	volume  =	121,
	number = 1,
	pages   =   "5-33",
	year	=	1999}	

@article{MahmudTransverseEffect,
	author	=	"S. Mahmud and S.H. Tasnim and M. A. H. Mamun",
	title	 =	 "Thermodynamic analysis of mixed convection in a channel with transverse hydromagnetic effect",
	journal =   "Inf J Therm Sci",
	volume  =	42,
	number = 731,
	pages   =   "40",
	year	=	2003}	

@book{NacevDrugTargeting,
	author	=	"A.N. Nacev",
	title	 =	 "Magnetic Drug Targeting: Developing the Basics",
	journal =   "University of Maryland  (Ph.D. Thesis)",
	year	=	2013
	}
	
@article{ArrueboDrugDelivery,
	author	=	"M. Arruebo and R. Fernandez-Pacheco and  M. R. Ibarra and J. Santamaria",
	title	 =	 "Magnetic nanoparticles for drug delivery",
	journal =   "Nano Today",
	volume  =	2,
	number = 3,
	year	=	2007}

@article{PanNanoparticlesBiomedicine,
	author	=	"Q. A. Panhurst and J. Connolly and S. K. Jones and J. Obson",
	title	 =	 "Applications of magnetic nanoparticles in biomedicine",
	journal =   "J. Phys. Appl. Phys.",
	volume  =	36,
	number = 13,
	pages   =   "R167",
	year	=	2003}

@article{PanProgressBiomedicine,
	author	=	"Q. A. Panhurst and N. K. Thanh and S. K. Jones and J. Obson",
	title	 =	 "Progress in applications of magnetic nanoparticles in biomedicine",
	journal =   "J. Phys. Appl. Phys.",
	volume  =	42,
	pages   =   "224001–16",
	year	=	2009}

%20
@article{LubbeCancer,
	author	=	"A. S. Lubbe and C. Bergemann and H. Riess and F. Schriever and P. Reichardt and K. Possinger and M. Matthias and B. Dorken and F. Herrmann and R. Gurtler and P. Hohenberger and N. Haas and R. Sohr and Sander and A. J. Lemke and D. Ohlendorf and W. Huhnt and and D. Huhn",
	title	 =	 "Clinical experiences with magnetic drug targeting: A phase I study with 4’-epidoxorubicin in 14 patients with advanced solid tumors",
	journal =   "Cancer Res.",
	volume  =	56,
	number = 20,
	pages   =   "4686–4693",
	year	=	1996}

@article{ObsonGeneDelivery,
	author	=	"J. Obson",
	title	 =	 "Magnetic micro- and nano-particle-based targeting for drug and gene delivery",
	journal =   "Nanomed.",
	volume  =	1,
	number = 1,
	pages   =   "31-37",
	year	=	2006}

@article{TakeZawaYamato1,
	author	=	"S. Takezawa and H. Tamama and K. Sugawawa and H. Sakai and C. Matsuyama and H. Morita and H. Suzuki and Y. Ueyama",
	title	 =	 "Operation of the Thruster for Superconducting Electromagnetohydrodynamic Propulsion Ship ‘YAMATO 1’",
	journal =   "Bulletin of the M.E.S.J.",
	volume  =	23,
	number = 1,
	pages   =   "46-55",
	year	=	1995}

@misc{Whomav,
  author = {S. Roy},
  title = {{Wingless Hovering of Micro Air Vehicle (WHOMAV). United States Patent No. 8, 382,029}},
  year = {2013}, 
  note = "[issued on February 26, 2013]"
}

@book{SuttonMagnetohydrodynamics,
	author	=	"G. W. Sutton, A. Sherman",
	title	 =	 "Engineering Magnetohydrodynamics",
	publisher =   "McGrawHill",
	year	=	1965}

@article{MahmoudiMHD,
	author	=	"A. H. Mahmoudi and I. Pop and M. Shahi and F. Talebi",
	title	 =	 "MHD natural convection and entropy generation in a trapezoidal enclosure using Cu-water nanofluid",
	journal =   "Computers and Fluids",
	volume  =	72,
	pages   =   "46-62",
	year	=	2013}

@article{KandaswamyMagnetoconvection,
	author	=	"P. Kandaswamy and S.M. Sundari and N. Nithyadevi",
	title	 =	 "Magnetoconvection in an enclosure with partially active vertical walls",
	journal =   "Int J Heat Mass Transfer",
	volume  = 51,
	number = 1946,
	pages   =   "54",
	year	=	2008}

@article{PirmohammadiEffect,
	author	=	"M. Pirmohammadi, M. Ghassemi",
	title	 =	 "Effect of magnetic field on convection heat transfer inside a tilted square enclosure",
	journal =   "Int Commun Heat Mass Transfer",
	volume  =36,
	number = 776,
	pages   =   "80",
	year	=	2009}

@article{SalehNatural,
	author	=	"H. Saleh and R. Roslan and I. Hashim",
	title	 =	 "Natural convection in a porous trapezoidal enclosure with an inclined magnetic field",
	journal =   "Computers and Fluids",
	volume  =	47,
	number = 155,
	pages   =   "64",
	year	=	2011}

@article{GrosanMagnetic,
	author	=	"T. Grosan and C. Revnic and I. Pop and D. B. Ingham",
	title	 =	 "Magnetic field and internal heat generation effects on the free convection in a rectangular cavity filled with a porous medium",
	journal =   "Int J Heat Mass Transfer",
	volume  =52,
	number = 1525,
	pages   =   "33",
	year	=	2009}

%30
@article{ArikogluEffect,
	author	=	"A. Arikoglu and I. Ozkol and G. Komurgoz",
	title	 =	 "Effect of slip on entropy generation in a single rotating disk in MHD flow",
	journal =   "Applied Energy",
	volume  =85,
	pages   =   "1225-1236",
	year	=	2010}

@book{TillackHandbook,
	author	=	"M.S. Tillack, N.B. Morley",
	title	 =	 "Magnetohydrodynamics : Standard handbook for electrical engineer",
	publisher =   "McGraw Hill",
	year	=	1998}

@article{AlvarezDisc,
	author	=	"A. Alvarez and P. Suarez and D. Caceres and E. Cordero and J.M. Ceballos and B. Perez",
	title	 =	 "Disk – shaped superconducting rotor under a rotating magnetic field: speed dependence",
	journal =   "IEEE Trans. Appl. Supercond.",
	volume  =15,
	number = 2,
	pages   =   "2174 -2177",
	year	=	2005}

@article{SalasInduction,
	author	=	"H. Salas and S. Cuevas and M.L. Haro ",
	title	 =	 "Entropy generation analysis of magnetohydrodynamic induction devices",
	journal =   "J. Phys. D: Appl. Phys.",
	volume  = 32,
	pages   =   "2605-2608",
	year	=	1999}

@article{HagenAlaman,
	author	=	"G. Hagen",
	title	 =	 "Über die Bewegung des Wassers in engen zylindrischen Rohren",
	journal =   "Pogg. Ann.",
	volume  =	46,
	year	=	1839}

@article{PoiseuilleRecherces,
	author	=	"J. L. M. Poiseuille",
	title	 =	 "Recherches expérimentales sur le mouvement des liquides dans les tubes de très petits diamètres",
	journal =   "Comptes Rendus Acad. Sc",
	volume  =	11,
	pages   =   "961",
	year	=	1840}

@article{BrownHistory,
	author	=	"Glenn O. Brown",
	title	 =	 "The History of the Darcy Weisbach Equation for Pipe Flow Resistance",
	journal =   "Environment and Water Resources History",
	year	=	2004}

	
@article{SinghWavelet,
	author	=	"B. Singh, A. Bhardwaj",
	title	 =	 "Wavelet optimized finite difference mesh for MHD flow in a circular duct",
	journal =   "Computers & Mathematics with Applications",
	volume  =	67,
	pages   =   "1582-1594",
	year	=	2014}
	

@book{MoreauMagnet,
	author	=	"R. Moreau",
	title	 =	 "Magnetohydrodynamics",
	publisher =   "Kluwer Academic Publishers",
	year	=	1990}

@article{EegunjobiEntropy ,
	author	=	"A. S. Eegunjobi and O. D. Makinde",
	title	 =	 "Entropy Generation Analysis in a Variable Viscosity MHD Channel Flow with Permeable Walls and Convective Heating",
	journal =   "Mathematical Problems in Engineering",
	year	=	2013}

%40
@article{DasEffects,
	author	=	"S. Das, R. N. Jana",
	title	 =	 "Effects of Hall Currents on Entropy Generation in a Porous Channel with Suction/Injection",
	journal =   "International Journal of Energy and Technology",
	volume  =	5,
	pages   =   "25",
	year	=	2013}


@book{HartmannHg,
	author	=	"Hartmann, Julius and Lazarus, Freimut",
	title	 =	 "Hg –- DYNAMICS II: Experimental Investigations on the flow of mercury in a homogenous magnetic field",
         publisher =   "Levin \& Munksgaard",
	year	=	1937}
	
@article{LehnertOn,
	author	=	"B. Lehnert",
	title	 =	 "On the behaviour of an electrically conductive liquid in a magnetic field",
	journal =   "Arkiv f’or Fysik",
	volume  =	5,
	number = 5,
	pages   =   "69-90",
	year	=	1952}

@article{KatagiriFlow,
	author	=	"M. Katagiri",
	title	 =	 "Flow formation in Couette motion in magnetohydrodynamics",
	journal =   "J. Phys. Soc. Jpn.",
	volume  =	17,
	pages   =   "393",
	year	=	1962}

@article{BalarmUnsteady,
	author	=	"M. Balaram, T. Govindarajulu",
	title	 =	 "Unsteady Couette Flow in hydromagnetics",
	journal =   "J.Appl. Mech. Trans ASME",
	volume  = 40,
	pages   =   "620",
	year	=	1973}

@article{MakindeHeat,
	author	=	"O. D. Makinde, P. Y. Mhone",
	title	 =	 "Heat transfer to MHD oscillatory flow in a channel filled with porous medium",
	journal =   "Romanian J. Physics",
	volume  =	50,
	number = 9,
	pages   =   "931-938",
	year	=	2005}

@article{SethUnsteady,
	author	=	"G. S. Seth and M.S. Ansari and R. Nandkeolyar",
	title	 =	 "Unsteady hydromagnetic couette flow with a porous chanller",
	journal =   "Tamkang J. Science and Engineering",
	volume  =	14,
	number = 1,
	pages   =   "7-14",
	year	=	2011}

@article{carnot1824reflexions,
  title={Reflexions sur la puissance motrice du feu},
  author={Carnot, NLS},
  journal={Bachelier, Paris (critical edition by Fox R, Vrin, Paris, 1978)},
  year={1824}
}

@article {clausius1854veranderte,
  title = {On a modified form of the second principal theorem of mechanical theory},
  author = {Clausius, Rudolf},
  journal = {Annals of Physics},
  volume = {169},
  number = {12},
  pages = {481-506},
  year = {1854},
  publisher = {Wiley Online Library}
}

@article {clausius1865verschiedene,
  title = {On various forms of the principal equations of mechanical theory},
  author = {Clausius, Rudolf},
  journal = {Annals of Physics},
  volume = {201},
  number = {7},
  pages = {353-400},
  year = {1865},
  publisher = {Wiley Online Library}
}
%50
@article{BejanSecond,
	author	=	"A. Bejan",
	title	 =	 "Second law analysis in heat transfer",
	journal =   "Energy Int.",
	volume  =	5,
	pages   =   "721-732",
	year	=	1980}

@book{BejanEntropy,
	author	=	"A. Bejan",
	title	 =	 "Entropy Generation Through Heat and Fluid Flow",
	publisher =   "Wiley",
	year	=	1982}

@article{BejanSecondlaw,
	author	=	"A. Bejan",
	title	 =	 "Second-law analysis in heat transfer and thermal design",
	journal =   "Adv. Heat Transfer",
	volume  =	15,
	pages   =   "1-58",
	year	=	1982}

@book{BejanEntropy2,
	author	=	"A. Bejan",
	title	 =	 "Entropy Generation Minimization",
	publisher =   "CRC Press: New York",
	year	=	1996}

@article{BejanStudy,
	author	=	"A. Bejan",
	title	 =	 "A study of entropy generation in fundamental convective heat transfer",
	journal =   "J. Heat Transfer",
	volume  =	101,
	pages   =   "718-725",
	year	=	1979}

@book{BejanThermal,
	author	=	"A. Bejan and G. Tsatsaronis and M. Moran",
	title	 =	 "Thermal Design and Optimization",
	publisher =   "Wiley: New York",
	year	=	1996}

@article{RoyAnalysis,
	author	=	"M. Roy and T. Basak and S. Roy and et all",
	title	 =	 "Analysis of Entropy Generation for Mixed Convection in a Square Cavity for Various Thermal Boundary Conditions",
	journal =   "Numerical Heat Transfer Part A: Applications",
	volume  =	68,
	number = 1,
	pages   =   "44-74",
	year	=	2015}

@article{BhardwajEffect,
	author	=	"S Bhardwaj, A. Dalal",
	title	 =	 "Effect of Undulations on the Natural Convection Heat Transfer and Entropy Generations Inside a Porous Right-Angled Triangular Enclosure",
	journal =   "Numerical Heat Transfer Part A: Applications",
	volume  =	67,
	number = 9,
	pages   =   "972-991",
	year	=	2015}

@article{YangNumerical,
	author	=	"Y. T. Yang and Y. H. Wang and H. Yi-Hsien and B. Y. Huang",
	title	 =	 "Numerical Optimization for Nanofluid Flow in Microchannels using Entropy Generation Minimization",
	journal =   "Numerical Heat Transfer Part A: Applications",
	volume  =	67,
	number = 5,
	pages   =   "571-588",
	year	=	2015}

@article{KomurgozSecondLaw,
	author	=	"G. Komurgoz and A. Arikoglu and E. Turker and et al",
	title	 =	 "Second-Law Analysis for an Inclined Channel Containing Porous-Clear Fluid Layers by Using the Differential Transform Method",
	journal =   "Numerical Heat Transfer Part A: Applications",
	volume  =57,
	number = 8,
	pages   =   "603-623",
	year	=	2010}

@article{SalasEntropy,
	author	=	"H. Salas, et al",
	title	 =	 "Entropy Generation Analysis of Magnetohydrodynamic Induction Devices",
	journal =   "J. Phys D: Appl Phys.",
	volume  =	32,
	pages   =   "2605-2608",
	year	=	1999}

@article{MahmudThermodynamic,
	author	=	"S. Mahmud, et al",
	title	 =	 "Thermodynamic Analysis of Mixed Convection in a Channel with Transverse Hydromagnetic Effect",
	journal =   "Int. J. Thermal Sciences",
	volume  =	42,
	number = 8,
	pages   =   "731-740",
	year	=	2003}

@article{ChauhanHeat,
	author	=	"D.S. Chauhan, V. Kumar",
	title	 =	 "Heat transfer and entropy generation during compressible fluid flow in a channel partially filled with porous medium",
	journal =   "Int. J. Energ. Tech.",
	volume  =3,
	pages   =   "1-10",
	year	=	2011}

@article{TasnimEntropy,
	author	=	"S.M. Tasnim and S. Mahmud and M.A.H. Mamum",
	title	 =	 "Entropy generation in a porous channel with hydromagetic effect",
	journal =   "Int. J. Exergy",
	volume  =	3,
	pages   =   "300-308",
	year	=	2002}

@article{EegunjobiCombined,
	author	=	"A.S. Eegunjobi, O.D. Makinde",
	title	 =	 "Combined effect of buoyancy force and Navier slip on entropy generation in a vertical porous channel",
	journal =   "Entropy",
	volume  =	14,
	pages   =   "1028–1044",
	year	=	2012}

@article{JeryEffect,
	author	=	"A. E. Jery, et al",
	title	 =	 "Effect of an External Oriented Magnetic Field on Entropy Generation in Natural Convection",
	journal =   "Entropy",
	volume  =	12,
	number = 6,
	pages   =   "1391-1417",
	year	=	2010}

@article{DwivediAnalysis,
	author	=	"R. Dwivedi and S. P. Singh and and B. B. Singh",
	title	 =	 "Analysis of incompressible viscous laminar flow through a channel filled with porous media",
	journal =   "Int. J. Stability and Fluid Mechanics",
	volume  =	1,
	number = 1,
	pages   =   "127-134",
	year	=	2010}

@article{MakindeNumerical,
	author	=	"O. D. Makinde and T. Chinyoka",
	title	 =	 "Numerical investigation of buoyancy effects on hydromagnetic unsteady flow through a porous channel with suction/injection",
	journal =   "Mechanical Science and Technology",
	volume  =27,
	number = 5,
	pages   =   "1557-1568",
	year	=	2013}

@book{CramerMagneto,
	author	=	"K. R. Cramer and S. I. Pai",
	title	 =	 "Magnetofluiddynamics for Engineers and Applied Physicists",
	publisher =   "McGraw Hill",
	year	=	1973}

@article{SDas,
	author	=	"S. Das and R. N. Jana",
	title	=	"Entropy Generation in MHD Porous Channel Flow Under Constant Pressure Gradient",
	journal =   "Applied Mathematics and Physics",
	volume  =	1,
	number = 2,
	pages   =   "78-89",
	year	=	2013}

@article{AgarwalOn,
	author	=	"J. P. Agarwal",
	title	 =	 "On Generalized Incompressible Coquette Flow in Hydromechanics",
	journal =   "Applied Scientific Research B",
	volume  =	9,
	number = 4,
	pages   =   "255-266",
	year	=	1962}

@article{BellmanDQM,
	author	=	"R. E. Bellman and J. Casti",
	title	=	"Differential Quadrature and Long Term Integration",
	journal =   "J. Math. Anal. Appl.",
	volume  =	34,
	pages   =   "235-238",
	year	=	1971}


@inproceedings{ShuDQM,
	author   =	"C. Shu and B. E. Richards",
	title	  =	"High Resolution of Natural Convection in a Square Cavity by Generalized Differential Quadrature",
	booktitle =	"Proceedings of 3rd Conference on Advances in Numerical Methods in Engineering: Theory and Applications",
	volume  =	"2",
	pages     = "978-985",
	address   =	"Swansea, UK",
	year	  =	1990}


@book{ShuDifferential,
	author	=	"C. Shu",
	title	 =	 "Differential Quadrature and Its Applications in Engineering",
	publisher =   "Springer",
	year	=	2000}

@article{heatTransSecLaw1,
	author	=	"B. M. Ziapour and Resam Dehnavi",
	title	 =	 "Heat transfer in a large triangular-roof enclosure based on the second law analysis",
	journal =   "Heat and Mass Transfer",
	volume  = 51,
	pages   =   "931-940",
	year	=	2015}
	
@article{heatTransSecLaw2,
	author	=	"C. Aghanajafi and M. A. Bakhtiarpoor and M. Taghipour and F. Mohamadi",
	title	 =	 "Entropy generation analysis for microscale forced convection with radiation in thermal entrance region",
	journal =   "Heat and Mass Transfer",
	volume  = 51,
	pages   =   "307-312",
	year	=	2015}


@book{WoodsThermo,
	author	=	"L. C. Woods",
	title	 =	 "Thermodynamics of Fluid Systems",
	publisher  =   "Oxford University Press",
	year	=	1975}

@article{BedeauxOptimization,
	author	=	"D. Bedeaux and F. Standaert and K. Hemmes and S. Kjelstrup",
	title	 =	 "Optimization of processes by equipartition",
	journal =   "J. Non-Equilibrium Thermodynamics",
	volume  =24,
	pages   =   "242-259",
	year	=	1999}

@book{MHDbook,
	author	  =	"K.R. Cramer and S.I. Pai",
          title	 =	"Magnetofluiddynamics for Engineers and Applied Plysicists",
	publisher = "McGraw Hill Book Company",
	year	  =	1973,
	address   =	"New York"
	}
	
@book{DQMbook,
	author	  =	"C. Shu",
          title	 =	"Differential Quadrature and Its Applications in Engineering",
	publisher = "Springer",
	year	  =	2000,
	}

@article{porousMHDCouette,
	author	=	"G. S. Seth and M. S. Ansari and R. Nandkeolyar",
	title	=	"Unsteady Hydromagnetic Couette Flow within a porous Channel",
	journal =   "Tamkang Journal of Science and Engineering",
	volume  =	14,
	number	= 1,
	pages   =   "7-14",
	year	=	2011}
}
@article{EntGenVarViscosityMHDChannel,
	author	=	"A. S. Eegunjobi  and O. D. Makinde",
	title	=	"Entropy Generation Analysis in a Variable Viscosity MHD Channel Flow with Permeable Walls and Convective     Heating",
	journal =   "Mathematical Problems in Engineering",
	volume  =	2013,
	year	=	2013}
	
	
@article{ChoiNanofluidThermalCond,
	author	=	"S. P. Jang and S.U.S. Choi",
	title	=	"Effects of Various Parameters on Nanofluid Thermal Conductivity",
	journal =   "Journal of Heat Transfer",
	volume  =	129,
	number = 5,
	pages   =   "617-623",
	year	=	2006}
	
@article{choi1995enhancing,
  	title={Enhancing thermal conductivity of fluids with nanoparticles},
	author={Choi, Stephen and Eastman, Jeffrey},
	journal={ASME-Publications-Fed},
	volume={231},
	pages={99--106},
	year={1995},
	publisher={ASME}
}
	
@article{BrinkmannModelViscosity,
	author	=	"H. C. Brinkmann",
	title	=	"The Viscosity of Concentrated Suspensions and Solutions",
	journal =   "J. Chem. Phys",
	volume  =	20,
	pages   =   "571-581",
	year	=	1952}
	
@book{maxwell1904treatise,
  title={A Treatise on Electricity and Magnetism, vol. II. Clarendon},
  author={Maxwell, James Clerk},
  year={1904},
  publisher={Oxford}
}

@article{hayat2016effect,
  title={Effect of an inclined magnetic field on peristaltic flow of Williamson fluid in an inclined channel with convective conditions},
  author={Hayat, T and Bibi, Shahida and Rafiq, M and Alsaedi, A and Abbasi, FM},
  journal={Journal of Magnetism and Magnetic Materials},
  volume={401},
  pages={733--745},
  year={2016},
  publisher={Elsevier}
}

@article{el2010effect,
  title={Effect of an external oriented magnetic field on entropy generation in natural convection},
  author={El Jery, Atef and Hidouri, Nejib and Magherbi, Mourad and Brahim, Ammar Ben},
  journal={Entropy},
  volume={12},
  number={6},
  pages={1391--1417},
  year={2010},
  publisher={Molecular Diversity Preservation International}
}

@article{mehrez2015mhd,
  title={MHD effects on heat transfer and entropy generation of nanofluid flow in an open cavity},
  author={Mehrez, Zouhaier and El Cafsi, Afif and Belghith, Ali and Le Qu{\'e}r{\'e}, Patrick},
  journal={Journal of magnetism and Magnetic Materials},
  volume={374},
  pages={214--224},
  year={2015},
  publisher={Elsevier}
}

@article{cimpean2012fully,
  title={Fully developed mixed convection flow of a nanofluid through an inclined channel filled with a porous medium},
  author={Cimpean, Dalia Sabina and Pop, Ioan},
  journal={International journal of heat and mass transfer},
  volume={55},
  number={4},
  pages={907--914},
  year={2012},
  publisher={Elsevier}
}

@article{you2014analysis,
  title={Analysis of Fully Developed Opposing Mixed Convection Flow in an Inclined Channel Filled by a Nanofluid},
  author={You, Xiang-Cheng and Xu, Hang and Pop, Ioan},
  journal={Journal of Heat Transfer},
  volume={136},
  number={12},
  pages={124502},
  year={2014},
  publisher={American Society of Mechanical Engineers}
}

@inproceedings{bacskaya2014analysis,
  title={Analysis of Variable Viscosity Channel Flow under Constant Magnetic Field via Generalized Differential Quadrature Method},
  author={Ba{\c{s}}kaya, Elgiz and K{\"o}m{\"u}rg{\"o}z, G{\"u}ven and {\"O}zkol, Ibrahim},
  booktitle={Advanced Materials Research},
  volume={1016},
  pages={564--568},
  year={2014},
  organization={Trans Tech Publ}
}

@article{eegunjobi2013entropy,
  title={Entropy generation analysis in a variable viscosity MHD channel flow with permeable walls and convective heating},
  author={Eegunjobi, AS and Makinde, OD},
  journal={Mathematical Problems in Engineering},
  volume={2013},
  year={2013},
  publisher={Hindawi Publishing Corporation}
}
	
@inproceedings{baskaya2014investigation,
  title={Investigation of MHD Natural Convection Flow Exposed to Constant Magnetic Field via Generalized Differential Quadrature Method},
  author={Baskaya, Elgiz and Fidanoglu, Melih and Komurgoz, Guven and Ozkol, Ibrahim},
  booktitle={ASME 2014 12th Biennial Conference on Engineering Systems Design and Analysis},
  year={2014},
  organization={American Society of Mechanical Engineers}
}

@article{bondareva2015magnetic,
  title={Magnetic field effect on the unsteady natural convection in a right-angle trapezoidal cavity filled with  a nanofluid: Buongiorno's mathematical model},
  author={Bondareva, NS and Sheremet, Mikhail Alexandrovich and Pop, I},
  journal={International Journal of Numerical Methods for Heat \& Fluid Flow},
  volume={25},
  number={8},
  pages={1924--1946},
  year={2015},
  publisher={Emerald Group Publishing Limited}
}

@article{sheremet2015natural,
  title={Natural convection in a wavy porous cavity with sinusoidal temperature distributions on both side walls filled with a nanofluid: Buongiorno's mathematical model},
  author={Sheremet, Mikhail Alexandrovich and Pop, Ioan},
  journal={Journal of Heat Transfer},
  volume={137},
  number={7},
  pages={072601},
  year={2015},
  publisher={American Society of Mechanical Engineers}
}

@article{sheremet2015analysis,
  title={Analysis of entropy generation in natural convection of nanofluid inside a square cavity having hot solid block: Tiwari and Das model},
  author={Sheremet, Mikhail A and Oztop, Hakan F and Pop, Ioan and Abu-Hamdeh, Nidal},
  journal={Entropy},
  volume={18},
  number={1},
  pages={9},
  year={2015},
  publisher={Multidisciplinary Digital Publishing Institute}
}

@article{xu1996ultrasonic,
  title={Ultrasonic velocity and attenuation in nano-structured Zn materials},
  author={Xu, Jianfeng and Zhang, Jianrong and Du, Youwei and Zhang, Xiaorong and Li, Yan},
  journal={Materials Letters},
  volume={29},
  number={1-3},
  pages={131--134},
  year={1996},
  publisher={Elsevier}
}

@article{verma2007elimination,
  title={Elimination of current non-uniformity in carbon nanotube field emitters},
  author={Verma, Preeti and Chaturvedi, Poornendu and Rawat, J SBS and Kumar, Manohar and Pal, Surendra and Bal, Mahesh and Rawal, DS and Vyas, Hanuman Prasad and Ghosal, Partha and Bhatnagar, PK},
  journal={Journal of Materials Science: Materials in Electronics},
  volume={18},
  number={6},
  pages={677--680},
  year={2007},
  publisher={Springer}
}

@article{eastman1996enhanced,
  title={Enhanced thermal conductivity through the development of nanofluids},
  author={Eastman, JA and Choi, US and Li, Shaoping and Thompson, LJ and Lee, Shinpyo},
  journal={MRS Online Proceedings Library Archive},
  volume={457},
  year={1996},
  publisher={Cambridge University Press}
}

@article{liu2006enhancement,
  title={Enhancement of thermal conductivity with CuO for nanofluids},
  author={Liu, M-S and Lin, MC-C and Huang, I-T and Wang, C-C},
  journal={Chemical engineering \& technology},
  volume={29},
  number={1},
  pages={72--77},
  year={2006},
  publisher={Wiley Online Library}
}

@article{hwang2006thermal,
  title={Thermal conductivity and lubrication characteristics of nanofluids},
  author={Hwang, Y and Park, HS and Lee, JK and Jung, WH},
  journal={Current Applied Physics},
  volume={6},
  pages={e67--e71},
  year={2006},
  publisher={Elsevier}
}

@article{yu2009investigation,
  title={Investigation of thermal conductivity and viscosity of ethylene glycol based ZnO nanofluid},
  author={Yu, Wei and Xie, Huaqing and Chen, Lifei and Li, Yang},
  journal={Thermochimica Acta},
  volume={491},
  number={1},
  pages={92--96},
  year={2009},
  publisher={Elsevier}
}

@article{mintsa2009new,
  title={New temperature dependent thermal conductivity data for water-based nanofluids},
  author={Mintsa, Honorine Angue and Roy, Gilles and Nguyen, Cong Tam and Doucet, Dominique},
  journal={International Journal of Thermal Sciences},
  volume={48},
  number={2},
  pages={363--371},
  year={2009},
  publisher={Elsevier}
}

@article{eastman2001anomalously,
  title={Anomalously increased effective thermal conductivities of ethylene glycol-based nanofluids containing copper nanoparticles},
  author={Eastman, Jeffrey A and Choi, SUS and Li, Sheng and Yu, W and Thompson, LJ},
  journal={Applied physics letters},
  volume={78},
  number={6},
  pages={718--720},
  year={2001},
  publisher={AIP}
}
	
@article{serrano2009nanotechnology,
  title={Nanotechnology for sustainable energy},
  author={Serrano, Elena and Rus, Guillermo and Garcia-Martinez, Javier},
  journal={Renewable and Sustainable Energy Reviews},
  volume={13},
  number={9},
  pages={2373--2384},
  year={2009},
  publisher={Elsevier}
}

@article{wen2009review,
  title={Review of nanofluids for heat transfer applications},
  author={Wen, Dongsheng and Lin, Guiping and Vafaei, Saeid and Zhang, Kai},
  journal={Particuology},
  volume={7},
  number={2},
  pages={141--150},
  year={2009},
  publisher={Elsevier}
}

@phdthesis{,
  title={},
  author={Shen, Bin},
  year={2008},
  school={}
}

@book{shen2008minimum,
	author   =	"B. Shen",
	title	  =	"Minimum quantity lubrication grinding using nanofluids",
	address   =	"University of Michigan (Ph.D. Thesis)",
	year	  =	2008}

@inproceedings{choiNanofluids,
	author   =	"S. Choi",
	title	  =	"Nanofluids for improved efficiency in coolings systems",
	booktitle =	"Heavy vehicle systems review",
	address   =	"Argonne National Laboratory",
	year	  =	2006}
	
	
	@article{actaFuturaBioInsPump,
	author	=	"D. Rinderknecht and M. Gharib",
	title	=	"A bioinspired pump for space applications",
	journal =   "Acta Futura",
	volume  =	1,
	number = 6,
	pages   =   "9 - 16",
	year	=	2013}

% Liebau is the first to realize Liebau phenomenon and also showed it with experiments using elastic tubes
@article{LiebauStartedThis,
	author	=	"G. Liebau",
	title	=	"Uber ein ventilloses Pumpprinzip",
	journal =   "Naturwissenschaften",
	volume  =	41,
	number = 14,
	pages   =   "327",
	year	=	1954}
	
	
@article{Liebau2,
	author	=	"G. Liebau",
	title = " Arterielle Pulsation und venose Repulsation",
	journal =   "Z Gesamte Exp Med",
	volume  =	123,
	number = 1,
	pages   =   "71-90",
	year	=	1954}
	
@article{Liebau3,
	author	=	"G. Liebau",
	title = "Herzpulsation und Blutbewegung",
	journal =   "Z Gesamte Exp Med",
	volume  =	125,
	number = 5,
	pages   =   "482-498",
	year	=	1955}

% First computational work, linear set of equations derived from Navier Stokes
@article{firstCompWork,
	author	=	"H. J. von Bredow",
	title	=	"Untersuchung eines ventillosen Pumpprinzips",
	journal =   "Fortschr. Ber. VDI-Zeitschr.",
	volume  =	7,
	number = 9,
	year	=	1968}
	
@article{forouhar2006embryonic,
  title={The embryonic vertebrate heart tube is a dynamic suction pump},
  author={Forouhar, Arian S and Liebling, Michael and Hickerson, Anna and Nasiraei-Moghaddam, Abbas and Tsai, Huai-Jen and Hove, Jay R and Fraser, Scott E and Dickinson, Mary E and Gharib, Morteza},
  journal={Science},
  volume={312},
  number={5774},
  pages={751--753},
  year={2006},
  publisher={American Association for the Advancement of Science}
}
	
@article{CompWorkRathTeipel,
	author	=	"H. J. Rath and I. Teipel",
	title	=	"Der Fordereffekt in ventillosen, elastischen Leitungen ",
	journal =   "Zeitschrift fur angewandte Mathematik und Physik ZAMP",
	volume  =	29,
	pages   =   "123-133",
	year	=	1978}	
	
@article{rigidPipesTakagi,
	author	=	"S. Takagi and K. Takahashi",
	title	=	"Study of a piston pump without valves",
	journal =   "Bulletin of JSME",
	volume  =	28,
	pages   =   "831-836",
	year	=	1985}	
	
@article{numInvLiebauPhenom,
	author	=	"A. Borzi and G. Propst",
	title	=	"Numerical investigation of the Liebau phenomenon ",
	journal =   "Zeitschrift fur angewandte Mathematik und Physik ZAMP",
	volume  =	54,
	pages   =   "1050-1072",
	year	=	2003}	
	
@book{beck2008thermal,
  title={Thermal conductivity of metal oxide nanofluids},
  author={Beck, Michael Peter},
  year={2008},
  publisher={Georgia Institute of Technology (Ph.D. Thesis)}
}

@article{saidur2011review,
  title={A review on applications and challenges of nanofluids},
  author={Saidur, R and Leong, KY and Mohammad, HA},
  journal={Renewable and sustainable energy reviews},
  volume={15},
  number={3},
  pages={1646--1668},
  year={2011},
  publisher={Elsevier}
}

@article{abu2011rayleigh,
  title={Rayleigh-B{\'e}nard convection in nanofluids: effect of temperature dependent properties},
  author={Abu-Nada, Eiyad},
  journal={International Journal of Thermal Sciences},
  volume={50},
  number={9},
  pages={1720--1730},
  year={2011},
  publisher={Elsevier}
}
	
@article{abu2010effect,
  title={Effect of nanofluid variable properties on natural convection in enclosures},
  author={Abu-Nada, Eiyad and Masoud, Ziyad and Oztop, Hakan F and Campo, Antonio},
  journal={International Journal of Thermal Sciences},
  volume={49},
  number={3},
  pages={479--491},
  year={2010},
  publisher={Elsevier}
}

@article{sebdani2012effect,
  title={Effect of nanofluid variable properties on mixed convection in a square cavity},
  author={Sebdani, Saeed Mazrouei and Mahmoodi, Mostafa and Hashemi, Seyed Mohammad},
  journal={International Journal of Thermal Sciences},
  volume={52},
  pages={112--126},
  year={2012},
  publisher={Elsevier}
}

@article{khanafer2003buoyancy,
  title={Buoyancy-driven heat transfer enhancement in a two-dimensional enclosure utilizing nanofluids},
  author={Khanafer, Khalil and Vafai, Kambiz and Lightstone, Marilyn},
  journal={International journal of heat and mass transfer},
  volume={46},
  number={19},
  pages={3639--3653},
  year={2003},
  publisher={Elsevier}
}

@article{mahmoudi2010numerical,
  title={Numerical study of natural convection cooling of horizontal heat source mounted in a square cavity filled with nanofluid},
  author={Mahmoudi, Amir Houshang and Shahi, Mina and Raouf, Abbas Honarbakhsh and Ghasemian, Ali},
  journal={International Communications in Heat and Mass Transfer},
  volume={37},
  number={8},
  pages={1135--1141},
  year={2010},
  publisher={Elsevier}
}

@article{oztop2008numerical,
  title={Numerical study of natural convection in partially heated rectangular enclosures filled with nanofluids},
  author={Oztop, Hakan F and Abu-Nada, Eiyad},
  journal={International journal of heat and fluid flow},
  volume={29},
  number={5},
  pages={1326--1336},
  year={2008},
  publisher={Elsevier}
}

@article{aminossadati2011enhanced,
  title={Enhanced natural convection in an isosceles triangular enclosure filled with a nanofluid},
  author={Aminossadati, SM and Ghasemi, B},
  journal={Computers \& Mathematics with Applications},
  volume={61},
  number={7},
  pages={1739--1753},
  year={2011},
  publisher={Elsevier}
}

@article{hamad2011analytical,
  title={Analytical solution of natural convection flow of a nanofluid over a linearly stretching sheet in the presence of magnetic field},
  author={Hamad, MAA},
  journal={International communications in heat and mass transfer},
  volume={38},
  number={4},
  pages={487--492},
  year={2011},
  publisher={Elsevier}
}

@article{ghasemi2011magnetic,
  title={Magnetic field effect on natural convection in a nanofluid-filled square enclosure},
  author={Ghasemi, B and Aminossadati, SM and Raisi, A},
  journal={International Journal of Thermal Sciences},
  volume={50},
  number={9},
  pages={1748--1756},
  year={2011},
  publisher={Elsevier}
}

@article{nemati2012magnetic,
  title={Magnetic field effects on natural convection flow of nanofluid in a rectangular cavity using the Lattice Boltzmann model},
  author={Nemati, H and Farhadi, M and Sedighi, K and Ashorynejad, HR and Fattahi, E},
  journal={Scientia Iranica},
  volume={19},
  number={2},
  pages={303--310},
  year={2012},
  publisher={Elsevier}
}

@article{hamad2011unsteady,
  title={Unsteady MHD free convection flow past a vertical permeable flat plate in a rotating frame of reference with constant heat source in a nanofluid},
  author={Hamad, MAA and Pop, I},
  journal={Heat and mass transfer},
  volume={47},
  number={12},
  pages={1517},
  year={2011},
  publisher={Springer}
}

@article{aminossadati2011effects,
  title={Effects of magnetic field on nanofluid forced convection in a partially heated microchannel},
  author={Aminossadati, SM and Raisi, A and Ghasemi, B},
  journal={International Journal of Non-Linear Mechanics},
  volume={46},
  number={10},
  pages={1373--1382},
  year={2011},
  publisher={Elsevier}
}

@article{mahmoudi2012entropy,
  title={Entropy generation due to natural convection in a partially open cavity with a thin heat source subjected to a nanofluid},
  author={Mahmoudi, Amir Houshang and Shahi, Mina and Talebi, Farhad},
  journal={Numerical Heat Transfer, Part A: Applications},
  volume={61},
  number={4},
  pages={283--305},
  year={2012},
  publisher={Taylor \& Francis}
}

@article{shahi2011entropy,
  title={Entropy generation due to natural convection cooling of a nanofluid},
  author={Shahi, Mina and Mahmoudi, Amir Houshang and Raouf, Abbas Honarbakhsh},
  journal={International Communications in Heat and Mass Transfer},
  volume={38},
  number={7},
  pages={972--983},
  year={2011},
  publisher={Elsevier}
}

@article{singh2010entropy,
  title={Entropy generation due to flow and heat transfer in nanofluids},
  author={Singh, Pawan K and Anoop, KB and Sundararajan, T and Das, Sarit K},
  journal={International Journal of Heat and Mass Transfer},
  volume={53},
  number={21},
  pages={4757--4767},
  year={2010},
  publisher={Elsevier}
}

@article{moghaddami2011second,
  title={Second law analysis of nanofluid flow},
  author={Moghaddami, Mostafa and Mohammadzade, Alireza and Esfehani, Saeed Alem Varzane},
  journal={Energy Conversion and Management},
  volume={52},
  number={2},
  pages={1397--1405},
  year={2011},
  publisher={Elsevier}
}

@article{esmaeilpour2012free,
  title={Free convection and entropy generation of nanofluid inside an enclosure with different patterns of vertical wavy walls},
  author={Esmaeilpour, M and Abdollahzadeh, M},
  journal={International Journal of Thermal Sciences},
  volume={52},
  pages={127--136},
  year={2012},
  publisher={Elsevier}
}

@article{equipartIntroduced,
	author	=	"D. Tondeur and E. Kvaalen",
	title	=	"Equipartition of Entropy Production. An Optimality Criterion for Transfer and Separation Processes",
	journal =   "Ind. Eng. Chem. Res. ",
	volume  =	26,
	pages   =   "50-56",
	year	=	1987}
	
@article{referanceEquipart1,
	author	=	"G. P. Thiel and R. K. McGovern and S. M. Zubair and J. H. Lienhard V",
	title	=	"Thermodynamic equipartition for increased second law efficiency",
	journal =   "Applied Energy",
	volume  =	118,
	pages   =   "292-299",
	year	=	2014}
	
@article{referanceEquipart2,
	author	=	"Z. Wang and Y. Li",
	title	=	"A combined method for surface selection and layer pattern optimization of a multistream plate-fin heat exchanger",
	journal =   "Applied Energy ",
	volume  =	165,
	pages   =   "815-827",
	year	=	2016}

@article{baskaya2017investigation,
  title={Investigation of Oriented Magnetic Field Effects on Entropy Generation in an Inclined Channel Filled with Ferrofluids},
  author={Baskaya, Elgiz and Komurgoz, Guven and Ozkol, Ibrahim},
  journal={Entropy},
  volume={19},
  number={7},
  pages={377},
  year={2017},
  publisher={Multidisciplinary Digital Publishing Institute}
}